<record><leader>00000cas a2200000 a 4500</leader><controlfield tag="001">37290567</controlfield><controlfield tag="007">hd afb---baca</controlfield><controlfield tag="008">970714d17361781vauwr nea     0    0eng c</controlfield><datafield ind1=" " ind2=" " tag="010"><subfield code="a">  2004260023</subfield></datafield><datafield ind1=" " ind2=" " tag="040"><subfield code="a">NOC</subfield><subfield code="b">eng</subfield><subfield code="c">NOC</subfield><subfield code="d">OCL</subfield><subfield code="d">OCLCQ</subfield><subfield code="d">ORU</subfield><subfield code="d">W7L</subfield><subfield code="d">CWR</subfield><subfield code="d">IUL</subfield><subfield code="d">MHN</subfield><subfield code="d">OCLCQ</subfield><subfield code="d">OCLCG</subfield><subfield code="d">VAMVE</subfield><subfield code="d">OCLCQ</subfield><subfield code="d">OCLCA</subfield><subfield code="d">IAD</subfield><subfield code="d">OCLCA</subfield></datafield><datafield ind1=" " ind2=" " tag="019"><subfield code="a">4965081</subfield><subfield code="a">42317075</subfield></datafield><datafield ind1=" " ind2=" " tag="042"><subfield code="a">pcc</subfield></datafield><datafield ind1=" " ind2=" " tag="043"><subfield code="a">n-us-va</subfield></datafield><datafield ind1=" " ind2="4" tag="050"><subfield code="a">AN2.W7</subfield><subfield code="b">V8</subfield></datafield><datafield ind1="0" ind2=" " tag="130"><subfield code="a">Virginia gazette (Williamsburg, Va. : 1736)</subfield></datafield><datafield ind1="1" ind2="4" tag="245"><subfield code="a">The Virginia gazette</subfield><subfield code="h">[microform].</subfield></datafield><datafield ind1=" " ind2=" " tag="260"><subfield code="a">Williamsburg [Va.] :</subfield><subfield code="b">William Parks</subfield></datafield><datafield ind1=" " ind2=" " tag="300"><subfield code="a">v.</subfield></datafield><datafield ind1=" " ind2=" " tag="310"><subfield code="a">Weekly</subfield></datafield><datafield ind1="1" ind2=" " tag="362"><subfield code="a">Began in 1736; ceased in 1781.</subfield></datafield><datafield ind1=" " ind2=" " tag="500"><subfield code="a">Publishers: William Hunter, &lt;Jan. 28, 1751-Jan. 16, 1761&gt;; Joseph Royle and Co., &lt;1761-1766&gt;; Alexander Purdie &amp; Co., &lt;Mar. 7&gt;-June 13, 1766; Alex. Purdie and John Dixon, June 20, 1766-Dec. 29, 1774; John Dixon and Wm. Hunter, Jan. 7, 1775-&lt;Dec. 4, 1778&gt;; John Dixon and Thomas Nicolson, &lt;Feb. 12, 1779-May 19, 1781&gt;</subfield></datafield><datafield ind1=" " ind2=" " tag="500"><subfield code="a">Published in Richmond, Va., &lt;May 9, 1780&gt;-1781.</subfield></datafield><datafield ind1=" " ind2=" " tag="515"><subfield code="a">In accordance with the Julian calendar, from 1736-&lt;1739&gt; issues for Jan. 1-Mar. 24 carry the previous year in their date. From &lt;1740&gt;-1751 issues for Jan. 1-Mar. 24 carry both years in their date.</subfield></datafield><datafield ind1=" " ind2=" " tag="515"><subfield code="a">Suspended &lt;May&gt;-Dec. 1750; Nov. 1765-Feb. 1766.</subfield></datafield><datafield ind1=" " ind2=" " tag="515"><subfield code="a">Numeric designation began again with no. 1, Jan. 3, 1751?, and again with no. 1, Feb. 12, 1779.</subfield></datafield><datafield ind1=" " ind2=" " tag="525"><subfield code="a">Has occasional supplements.</subfield></datafield><datafield ind1=" " ind2=" " tag="580"><subfield code="a">Split into: Virginia gazette, or weekly advertiser, and: Virginia gazette, or, The independent chronicle.</subfield></datafield><datafield ind1=" " ind2=" " tag="588"><subfield code="a">Description based on: No. 6 (Sept. 3-Sept. 10, 1736).</subfield></datafield><datafield ind1=" " ind2=" " tag="588"><subfield code="a">Latest issue consulted: No. 77 (Aug. 29, 1780).</subfield></datafield><datafield ind1=" " ind2=" " tag="533"><subfield code="a">Microfilm.</subfield><subfield code="m">no. 6-61 (1736-1780):[Gaps]</subfield><subfield code="b">Williamsburg, Va. :</subfield><subfield code="c">Institute of Early American History and Culture ;</subfield><subfield code="b">New York :</subfield><subfield code="c">Recordak Microfilming Service,</subfield><subfield code="d">1950.</subfield><subfield code="e">6 microfilm reels ; 35 mm.</subfield><subfield code="n">Filmed with: Virginia gazette (Williamsburg, Va. : 1766), and: Virginia gazette (Williamsburg, Va. : 1775).</subfield></datafield><datafield ind1=" " ind2="0" tag="651"><subfield code="a">Williamsburg (Va.)</subfield><subfield code="v">Newspapers.</subfield></datafield><datafield ind1=" " ind2="0" tag="651"><subfield code="a">Richmond (Va.)</subfield><subfield code="v">Newspapers.</subfield></datafield><datafield ind1=" " ind2="0" tag="651"><subfield code="a">Williamsburg County (Va.)</subfield><subfield code="v">Newspapers.</subfield></datafield><datafield ind1=" " ind2="0" tag="651"><subfield code="a">Richmond County (Va.)</subfield><subfield code="v">Newspapers.</subfield></datafield><datafield ind1="1" ind2=" " tag="700"><subfield code="a">Parks, William,</subfield><subfield code="d">-1750.</subfield></datafield><datafield ind1="1" ind2=" " tag="700"><subfield code="a">Hunter, William,</subfield><subfield code="d">1754-</subfield></datafield><datafield ind1="1" ind2=" " tag="700"><subfield code="a">Royle, Joseph,</subfield><subfield code="d">-1766.</subfield></datafield><datafield ind1="1" ind2=" " tag="700"><subfield code="a">Purdie, Alexander,</subfield><subfield code="d">-1779.</subfield></datafield><datafield ind1="1" ind2=" " tag="700"><subfield code="a">Dixon, John,</subfield><subfield code="d">-1791.</subfield></datafield><datafield ind1="1" ind2=" " tag="700"><subfield code="a">Nicolson, Thomas,</subfield><subfield code="d">-1808.</subfield></datafield><datafield ind1=" " ind2=" " tag="752"><subfield code="a">United States</subfield><subfield code="b">Virginia</subfield><subfield code="d">Richmond.</subfield></datafield><datafield ind1=" " ind2=" " tag="752"><subfield code="a">United States</subfield><subfield code="b">Virginia</subfield><subfield code="d">Williamsburg.</subfield></datafield><datafield ind1="1" ind2=" " tag="776"><subfield code="c">Original</subfield><subfield code="w">(DLC)sn 84024739</subfield><subfield code="w">(OCoLC)11078785</subfield></datafield><datafield ind1="0" ind2="1" tag="785"><subfield code="t">Virginia gazette (Williamsburg, Va. : 1775)</subfield></datafield><datafield ind1="1" ind2="6" tag="785"><subfield code="t">Virginia gazette, or weekly advertiser</subfield></datafield><datafield ind1="1" ind2="6" tag="785"><subfield code="t">Virginia gazette, or, The independent chronicle</subfield></datafield><datafield ind1="4" ind2="1" tag="856"><subfield code="u">http://research.history.org/DigitalLibrary/BrowseVG.cfm</subfield></datafield><datafield ind1="1" ind2=" " tag="029"><subfield code="a">AU@</subfield><subfield code="b">000025356452</subfield></datafield></record>